@ARTICLE{2009MNRAS.398.1601F,
   author = {{Feroz}, F. and {Hobson}, M.~P. and {Bridges}, M.},
    title = "{MULTINEST: an efficient and robust Bayesian inference tool for cosmology and particle physics}",
  journal = {\mnras},
archivePrefix = "arXiv",
   eprint = {0809.3437},
 keywords = {methods: data analysis , methods: statistical},
     year = 2009,
    month = oct,
   volume = 398,
    pages = {1601-1614},
      doi = {10.1111/j.1365-2966.2009.14548.x},
   adsurl = {http://adsabs.harvard.edu/abs/2009MNRAS.398.1601F},
  adsnote = {Provided by the SAO/NASA Astrophysics Data System}
}
